@ARTICLE{Bolshoi,
   author = {{Klypin}, A.~A. and {Trujillo-Gomez}, S. and {Primack}, J.},
    title = "{Dark Matter Halos in the Standard Cosmological Model: Results from the Bolshoi Simulation}",
  journal = {\apj},
archivePrefix = "arXiv",
   eprint = {1002.3660},
 primaryClass = "astro-ph.CO",
 keywords = {cosmology: theory, large-scale structure of universe, methods: numerical},
     year = 2011,
    month = oct,
   volume = 740,
      eid = {102},
    pages = {102},
      doi = {10.1088/0004-637X/740/2/102},
   adsurl = {http://adsabs.harvard.edu/abs/2011ApJ...740..102K},
  adsnote = {Provided by the SAO/NASA Astrophysics Data System}
}

@ARTICLE{Meneghetti13,
   author = {{Meneghetti}, M. and {Rasia}, E.},
    title = "{Reconciling extremely different concentration-mass relations}",
  journal = {ArXiv e-prints},
archivePrefix = "arXiv",
   eprint = {1303.6158},
 primaryClass = "astro-ph.CO",
 keywords = {Astrophysics - Cosmology and Extragalactic Astrophysics},
     year = 2013,
    month = mar,
   adsurl = {http://adsabs.harvard.edu/abs/2013arXiv1303.6158M},
  adsnote = {Provided by the SAO/NASA Astrophysics Data System}
}

@ARTICLE{Prada12,
   author = {{Prada}, F. and {Klypin}, A.~A. and {Cuesta}, A.~J. and {Betancort-Rijo}, J.~E. and 
	{Primack}, J.},
    title = "{Halo concentrations in the standard {$\Lambda$} cold dark matter cosmology}",
  journal = {\mnras},
archivePrefix = "arXiv",
   eprint = {1104.5130},
 primaryClass = "astro-ph.CO",
 keywords = {galaxies: haloes, cosmology: theory, dark matter},
     year = 2012,
    month = jul,
   volume = 423,
    pages = {3018-3030},
      doi = {10.1111/j.1365-2966.2012.21007.x},
   adsurl = {http://adsabs.harvard.edu/abs/2012MNRAS.423.3018P},
  adsnote = {Provided by the SAO/NASA Astrophysics Data System}
}

@ARTICLE{Klypin09,
   author = {{Klypin}, A. and {Valenzuela}, O. and {Col{\'{\i}}n}, P. and 
	{Quinn}, T.},
    title = "{Dynamics of barred galaxies: effects of disc height}",
  journal = {\mnras},
archivePrefix = "arXiv",
   eprint = {0808.3422},
 keywords = {methods: N-body simulations , galaxies: evolution , galaxies: haloes , galaxies: kinematics and dynamics},
     year = 2009,
    month = sep,
   volume = 398,
    pages = {1027-1040},
      doi = {10.1111/j.1365-2966.2009.15187.x},
   adsurl = {http://adsabs.harvard.edu/abs/2009MNRAS.398.1027K},
  adsnote = {Provided by the SAO/NASA Astrophysics Data System}
}


@ARTICLE{Riebe11,
   author = {{Riebe}, K. and {Partl}, A.~M. and {Enke}, H. and {Forero-Romero}, J. and 
	{Gottloeber}, S. and {Klypin}, A. and {Lemson}, G. and {Prada}, F. and 
	{Primack}, J.~R. and {Steinmetz}, M. and {Turchaninov}, V.},
    title = "{The MultiDark Database: Release of the Bolshoi and MultiDark Cosmological Simulations}",
  journal = {ArXiv e-prints},
archivePrefix = "arXiv",
   eprint = {1109.0003},
 primaryClass = "astro-ph.CO",
 keywords = {Astrophysics - Cosmology and Extragalactic Astrophysics, Astrophysics - Instrumentation and Methods for Astrophysics, Computer Science - Databases},
     year = 2011,
    month = aug,
   adsurl = {http://adsabs.harvard.edu/abs/2011arXiv1109.0003R},
  adsnote = {Provided by the SAO/NASA Astrophysics Data System}
}

